@article{study:hoge,
  author  = {山口一郎 and 山口大陽},
  journal = {画像魚学会誌,第00巻,第0号,pp.000-000},
  title   = {新宝島のバズリ戦略},
  year    = {2015}
}